2662 4740
193 437 196 442 .
259 351 874 462 'unnnrxounaoomo
938 429 957 498 '.
1027 413 1107 466 xxx
1181 377 1187 384 ’
1252 465 1257 492 ‚

71 569 218 654 babeant,¹
239 566 414 658 opu-ino,
432 564 461 631 si
482 587 552 634 non
572 565 764 656 superiore,
784 573 875 638 o'erts
896 570 1033 653 aedom,
1051 585 1112 642 ¹suu

72 705 234 802 proximo,
255 725 276 771 a
296 702 424 771 Solone
440 701 516 769 looo
537 703 723 780 collocandi
740 715 835 789 sunt,
856 706 914 795 qui
933 675 1119 778 sutorum*
1173 747 1176 758 ·

71 844 233 934 scripsere.
276 839 435 926 Quorum
456 837 548 906 nulla
570 837 642 906 otis
656 839 766 908 maior
786 862 866 909 oura
880 842 955 926 fuit,
975 844 1110 912 bullum

71 979 231 1047 ardentim
251 975 417 1060 studim,
439 997 540 1064 quom
561 985 599 1042 ot
617 978 757 1062 summis
779 978 998 1066 maximisque
1011 977 1112 1048 utili-

70 1114 185 1182 tatibus
211 1114 371 1180 maximas
399 1111 618 1200 adiungerent
637 1113 833 1204 voluptates.
882 1113 984 1204 Quod
1010 1112 1111 1206 plane

70 1249 275 1318 verissimum
299 1271 370 1315 ease
397 1245 609 1327 fatebuntur,
643 1249 834 1340 quicunque
852 1273 898 1318 ee
922 1262 1009 1318 totos
1031 1249 1121 1318 boio·

29 1460 32 1475 Ι
71 1385 175 1453 stadio
202 1385 380 1467 dedidere,
417 1385 476 1476 qui
506 1383 577 1450 dies
605 1396 782 1474 noctesque
808 1385 846 1454 in
865 1385 1120 1456 historioorom·

72 1521 204 1637 lectione
230 1533 415 1592 versantur·
471 1519 632 1588 Minimo-
648 1539 734 1590 vero
765 1543 826 1590 aua
855 1521 954 1589 laude
982 1535 1111 1610 suaque

71 1796 269 1886 temporibus
285 1795 368 1864 baeu
387 1793 497 1862 studia
516 1795 585 1862 ouis
605 1793 791 1875 laboribus,
810 1791 993 1871 industria,
1014 1815 1112 1862 suras·-¹

71 1929 168 2020 ptibus
189 1931 348 2000 adserere
367 1942 467 2020 atque
485 1929 691 2022 amplificare
704 1931 814 1997 eonati
826 1940 910 1996 sunt.
952 1928 1109 2016 Quorum

70 2065 262 2136 innumero
284 2079 319 2136 et
338 2079 373 2136 te
393 2078 451 2135 tua
470 2070 581 2157 posuit
599 2063 754 2143 fortuna,
775 2063 945 2155 Oporino,
967 2065 1030 2154 qui·
1045 2063 1133 2132 boo-

71 2223 165 2271 uaum
193 2203 282 2293 agis,
319 2203 385 2271 boo
409 2225 518 2272 uuum
549 2201 586 2270 in
617 2201 705 2270 votis
733 2199 852 2286 habea,
889 2214 927 2270 ut
954 2200 1110 2270 authores·
1189 2173 1193 2180 ¹
1239 2239 1241 2246 ,

72 2335 221 2408 badonas
242 2339 404 2429 incogniti
424 2338 596 2430 publicum
616 2337 810 2405 sortiantur.
867 2337 924 2404 Sio
942 2350 999 2405 tua
1020 2358 1111 2406 nune
1170 2325 1172 2337 ¹

74 2497 184 2565 opera,
205 2477 274 2544 tuis
294 2474 452 2542 mulinis
471 2497 561 2544 nuno
581 2474 739 2566 impensis
758 2473 980 2542 studiosorum
1001 2475 1113 2542 muni-
1231 2465 1233 2479 '

72 2609 121 2678 bus
144 2593 281 2678 terendi
301 2610 478 2682 traduntur
499 2609 645 2694 duorum
673 2609 938 2677 doctissimorum
958 2607 1112 2693 fratrum,

72 2745 180 2814 basoii
203 2757 237 2812 et
260 2743 395 2812 Ioannis
416 2748 473 2810 τοῦ
495 2737 648 2831 Krialon,
681 2753 715 2810 et
735 2744 831 2812 utiles
859 2757 892 2811 et
910 2745 1112 2814 iucundissi-

72 2903 139 2950 mae
158 2873 426 2962 lucubrationes,
452 2902 538 2968 quae
558 2902 628 2947 nou
647 2878 759 2947 solum
779 2903 848 2948 nou
868 2867 960 2971 visais
976 2893 1055 2948 sunt
1074 2881 1112 2948 in
1158 2935 1168 2952 f

74 3014 150 3086 bano
175 3041 281 3107 usque
296 3018 400 3086 diem
427 2995 647 3096 Gennaniae}
679 3015 737 3082 sod
760 3027 794 3084 ot
815 3040 938 3086 nomen
960 3018 1112 3110 ipsorum

73 3175 136 3222 nou
161 3154 242 3224 satis
270 3153 442 3242 cognitum
470 3150 661 3218 bominibus
688 3151 822 3223 nostris.
882 3153 1113 3241 Quamobrem
1163 3154 1169 3170 “

74 3311 181 3378 spero,
212 3313 269 3358 me
293 3289 355 3358 tibi
379 3287 601 3374 studiosisque
622 3309 696 3354 rem
719 3311 788 3354 non
814 3289 977 3378 ingratam
1004 3288 1113 3358 factu·

76 3447 164 3510 rum,
200 3425 303 3502 side
328 3429 491 3514 utroque,
526 3423 585 3515 qui
611 3421 756 3504 luerint,
796 3445 881 3512 quae
897 3424 1114 3516 scripserint,

77 3581 177 3649 quoue
199 3573 351 3654 tempora
371 3561 564 3640 floruerint,
584 3558 699 3651 paucis
719 3559 1003 3628 demonstravero.
1045 3559 1116 3628 At·
1143 3656 1146 3662 1

78 3717 136 3784 qua
159 3699 312 3792 primum
339 3699 532 3802 dolosana
559 3697 700 3779 Testae,
733 3695 826 3763 ouius
854 3705 903 3762 est
927 3695 992 3764 boo
1018 3694 1116 3787 Opus

80 3837 219 3904 carmide
238 3835 283 3904 de
302 3833 409 3904 Varia
432 3833 568 3902 historia
591 3832 827 3923 conscriptum.
1007 3797 1009 3804 Ι

153 3971 329 4042 Michaelis
356 3954 488 4038 Taetais
516 3980 557 4043 et
574 3967 742 4036 Eudociaa
767 3967 856 4036 filius
884 3965 946 4035 tuit
973 3967 1115 4033 Ioannes

83 4101 210 4176 Τισίεω
223 4107 287 4178 aio
311 4114 455 4189 nostor&
477 4105 535 4196 qui
557 4125 657 4176 asum
678 4103 793 4175 babuit
813 4115 991 4197 paternum
1016 4101 1118 4170 loan-
