2662 4740
260 387 374 446 xvnr
492 359 1077 470 PaanrarroGannanrr.

258 552 452 634 moditatea,
479 547 611 641 precia,
640 545 834 614 enarrabit?
870 543 938 614 Sed
964 545 1017 616 bis
1046 546 1206 634 dotibus,
1237 552 1304 620 laer

259 693 347 759 bone
361 689 470 766 Deus,
493 695 615 774 quanta
628 703 779 750 connexa
797 689 846 748 est
859 691 1029 764 venustas,
1051 705 1136 774 quase
1153 687 1304 792 dignita

258 835 400 917 quantus
426 819 576 910 undique
601 818 725 886 decor?
765 817 920 886 Fuerene
945 841 1093 910 unquam
1120 845 1143 890 a
1173 825 1304 892 condit

220 1053 225 1060 Ι
251 960 341 1037 orbe
355 959 417 1026 ulli
430 955 599 1033 homines,
621 952 680 1042 qui
701 975 770 1020 uon
792 953 882 1024 ducti
900 958 1062 1046 nactique
1079 957 1150 1025 sint
1165 961 1304 1026 musice

255 1093 536 1166 modulationibus
556 1103 656 1180 atque
677 1088 920 1160 cantiunculis?
947 1093 1014 1162 Sed
1034 1093 1239 1162 incredibile
1262 1095 1304 1162 di

256 1245 330 1315 otu,
367 1253 448 1320 quas
468 1253 583 1300 secum
602 1249 842 1317 saepenumero
866 1227 1129 1320 opportunitates
1156 1232 1304 1311 attulcri

233 1377 237 1392 ”
256 1367 393 1438 musica.
427 1367 536 1436 Hiero
554 1361 687 1432 Siciliae
706 1375 869 1454 tyrannus
888 1363 983 1434 initio
1003 1363 1157 1464 indoctus
1179 1380 1257 1435 erat
1278 1391 1304 1434 e

155 1521 157 1526 ’
201 1550 207 1563 ,
255 1529 280 1576 a
304 1503 408 1576 musis
430 1501 663 1589 ¹salionisuimus.
715 1500 874 1570 Ceterum
900 1515 979 1573 cum
1004 1501 1042 1570 iu
1068 1505 1304 1594 memmimus:

254 1641 423 1734 quendum
442 1637 600 1708 morbum
619 1635 797 1720 incidisset,
817 1649 856 1706 ut
869 1638 1084 1728 aegritudiuis
1096 1639 1205 1710 otium
1217 1641 1304 1710 leni·

160 1867 169 1882 ,
253 1788 369 1848 mento
390 1775 502 1863 aliquo
522 1774 666 1854 levaret,
701 1783 810 1840 totum
835 1772 1042 1866 id‚tempus,
1074 1799 1142 1866 qno
1164 1775 1304 1846 decurn-

253 1915 368 1992 bebet,
389 1909 522 1986 musicis
536 1908 669 1998 organis
681 1905 892 1998 largiebatur.
922 1909 1111 2000 Aliquoties
1124 1915 1304 1982 accersitos

252 2061 368 2142 poetas
388 2048 431 2114 de
457 2045 630 2114 biarchus
652 2045 804 2118 audiebat
831 2045 1038 2150 disserentes.
1084 2047 1200 2140 ltaque
1224 2051 1304 2142 pri-

251 2185 358 2256 suune
379 2183 564 2251 valetudini
585 2182 774 2265 restitutus,
808 2205 910 2252 omne
928 2183 1076 2250 studium
1096 2207 1300 2287 omnemque

252 2343 392 2413 operam
419 2329 453 2388 st
474 2317 612 2388 eruditis
632 2317 823 2387 bominibus
850 2329 883 2385 et
903 2320 1047 2388 musicae
1066 2319 1297 2412 impendebat:

249 2459 421 2545 factusque
443 2467 493 2522 est
519 2475 562 2522 ex
587 2455 709 2544 ignavo
733 2453 836 2522 idiota
856 2451 1089 2542 μουσικώτατος.
1130 2457 1178 2524 lta
1198 2459 1293 2530 aiunt

249 2607 283 2666 et
304 2594 542 2664 Ptolemaeum
557 2592 740 2661 secuudum
768 2615 811 2660 ex
836 2591 957 2662 morbo
984 2592 1135 2659 animum
1155 2593 1196 2662 ad
1216 2619 1290 2664 mu·

246 2730 329 2800 sicea
348 2731 494 2797 studium
517 2729 709 2818 applicasse.
757 2729 885 2807 Taceo,
914 2749 1000 2814 quae
1019 2725 1062 2795 de
1084 2728 1288 2802 Cretensium

247 2865 400 2934 moribus
413 2861 592 2953 prodidere
607 2859 772 2941 historici,
794 2861 852 2948 qui
871 2883 996 2950 pueros
1009 2886 1085 2931 suos
1105 2864 1190 2953 leges
1210 2889 1285 2936 cum

180 3031 190 3072 ·,
246 2999 392 3070 melodia
412 2996 538 3066 mimica
559 2995 688 3064 discere
709 2995 887 3084 cogebant,
915 3010 954 3065 ut
974 2997 1036 3066 bac
1055 2999 1176 3069 scilicet
1195 3001 1283 3072 dele-

247 3135 390 3206 ctatione
410 3135 660 3222 ψυχαγωγῶνιαι,
681 3155 802 3220 easque
819 3132 947 3202 facilius
962 3135 1146 3204 memoriae
1160 3141 1281 3232 recipe-

245 3283 324 3341 runt
350 3282 567 3358 tenerentque
592 3270 747 3338 tenacius·
801 3269 913 3340 Immo
939 3271 975 3340 in
1002 3281 1071 3340 tots
1097 3288 1211 3346 natura
1235 3279 1279 3346 ita

244 3417 474 3498 comparatum
488 3404 652 3486 videmus,
673 3415 711 3472 nt
726 3426 809 3494 quae
825 3403 995 3475 fructuosa
1008 3415 1157 3493 existant,
1177 3415 1275 3482 multo

179 3521 183 3528 Δ
206 3607 214 3634 ,
243 3543 399 3612 chariora
418 3543 499 3622 siut,
532 3539 562 3608 ui
588 3541 784 3610 nonnullam
805 3564 918 3610 secum
939 3543 1093 3613 adferant
1114 3549 1275 3617 concinni-

164 3753 169 3760 „
241 3691 355 3748 tatem.
409 3676 480 3766 Qui
506 3678 544 3746 in
570 3677 763 3769 principum
794 3690 891 3748 coetu
923 3681 1039 3750 sedent
1071 3693 1128 3750 aut
1158 3683 1272 3772 alioqui

240 3813 450 3906 gravioribus
472 3815 764 3883 consultationibus
783 3815 1000 3900 adhibentur,
1020 3817 1050 3886 si
1070 3841 1146 3886 cum
1164 3819 1270 3911 lepore

170 4005 172 4010 ,
239 3959 274 4018 et
294 3949 475 4020 verborum
494 3951 654 4020 suavitate
670 3952 866 4022 mamutium
882 3953 1046 4038 dixerint,
1066 3975 1184 4044 magno
1199 3977 1267 4024 cum

240 4085 359 4177 plausu
381 4111 442 4156 neo
459 4087 592 4158 minore
612 4087 727 4158 lavore
745 4089 936 4164 audiuntur.
980 4091 1072 4160 Haec
1094 4113 1166 4159 oum
1185 4091 1266 4159 itate
