2654 4734
197 277 439 410 ὀιειπκι
469 334 703 420 msa-,aea
746 275 940 452 τισι-τεο
1039 319 1108 421 ιἰο
1205 331 1207 343 ’

145 506 253 589 Αύτδς
273 505 368 582 πάλιν
389 503 507 579 ἰάσεται
524 505 584 598 τήν
601 505 743 599 σύγγυσιν
762 505 913 601 καθάρας.
971 547 973 552 ·

43 671 47 676 .
143 614 378 704 Πεντάβιβλας,
399 611 441 692 εἰς
459 617 591 702 imm
610 611 632 698 ἦ
654 614 762 702 βίβλοι·
776 621 842 694 ,τῶν
862 617 1009 710 δεμόροιν,Ι
1103 645 1105 652 ·

33 719 119 788 260
144 722 213 790 Καί
232 718 254 786 δ
273 716 552 808 προγυμνασμάτον
569 719 625 806 μὲν
645 715 782 788 διδάσκει
800 717 838 787 τά
855 721 991 819 βιβλίαν,

145 827 215 895 Καί
233 819 312 910 άπερ
332 823 366 891 δὲ
386 815 431 892 τό
445 821 579 892 στάσεων
583 868 595 904 ,
616 827 819 912 προέφθημεν
839 822 968 910 διδάξαι.

213 928 260 998 Τό
282 927 316 996 δὲ
335 930 407 1019 περί
426 925 573 1017 εύρίσεων
592 931 739 1014 τέσσαρας
758 925 871 1015 τόμους
890 933 967 1020 ίγεθ

133 1026 209 1102 1’.Ων
228 1033 300 1121 περί
320 1037 487 1120 προοιμίων
507 1032 563 1119 μὲν
584 1029 601 1100 ό
620 1038 742 1120 πρῶτος
763 1027 942 1106 ἐκδιδάσκει.

146 1144 221 1206 Τῶν
241 1142 407 1224 προοιμίων
428 1142 561 1228 τέσσαρα
580 1132 716 1226 τυγχάνει
736 1135 770 1204 δί
791 1135 830 1204 τά
847 1141 927 1229 εἴδη,

146 1241 195 1310 Ta
218 1245 253 1310 ἰκ
273 1249 330 1328 τῆς
349 1232 536 1332 ὑπολήψεως
554 1237 726 1331 προσιόπων
745 1244 798 1310 καί
818 1243 1012 1336 πραγμάτιον,Ι

135 1344 196 1415 Τό
218 1351 254 1415 ἐκ
275 1354 332 1428 τῆς
351 1347 523 1436 διαιρέσεως
542 1347 595 1416 καί
615 1349 650 1416 ίκ
670 1353 854 1436 περιουσίας,

133 1451 217 1521 ’Λπδ
238 1455 345 1538 καιροῶ
366 1448 402 1518 τδ
423 1454 577 1540 τίταρτονι
615 1455 715 1519 ταῦτα
734 1457 790 1520 τοῦ
812 1458 935 1540 πρῶτον
952 1455 1060 1548 τόμοι),
1122 1523 1127 1530 ,
1215 1451 1218 1459 ’

140 1558 210 1625 Καί
228 1559 273 1626 ἴτε
292 1555 328 1625 τὸ
349 1563 524 1644 προοίμιον,
550 1548 589 1624 οδ
608 1559 695 1644 μίχρι
714 1555 763 1625 δεῖ
782 1553 956 1630 πλατύνων.

204 1657 239 1728 ‘O
260 1658 400 1748 δεύτερος
419 1659 437 1730 ὅ
458 1657 552 1748 τόμος
572 1662 607 1732 δί
630 1656 764 1732 διδάσκει
785 1667 841 1731 τοῶ
861 1665 998 1755 βιβλίου,

44 1766 117 1836 270
140 1763 207 1853 Μή
227 1765 303 1852 μετά
324 1765 360 1849 τό
381 1770 542 1852 προοίμιον
554 1767 683 1846 εὐθέως
702 1766 891 1856 δινγγείοθαι,

129 1869 278 1960 ’Ἀτεγνον
298 1872 374 1940 εἰναι
393 1876 485 1937 τοῶτσ
507 1869 563 1959 γάρ
583 1873 635 1940 καί
655 1873 753 1940 οἴεται
772 1875 824 1940 καί
843 1873 940 1959 λέγει·

138 1982 296 2064 Χρῆσθαι
316 1971 558 2063 προκατοοτάσεν
577 1975 611 2044 δί
632 1981 672 2068 τῇ
696 1977 748 2044 καί
769 1971 977 2066 προδιήγήσει,

141 2085 214 2150 Καί
234 2076 305 2148 τότε
325 2078 401 2166 πρδς
421 2075 562 2168 διήγησίν
581 2103 658 2168 φησι
679 2086 888 2172 κεχωρηκέναι

130 2183 233 2272 ’Ἀπερ
254 2183 341 2271 ήμείς
360 2183 529 2272 ἐλέγχοντες
549 2181 724 2270 ἐξήλθομεν
741 2191 785 2264 εἰς
804 2185 931 2264 πλάτος.

209 2293 304 2378 Λέγει
324 2289 375 2356 καί
394 2285 452 2374 τήν
471 2283 612 2374 διήγησιν
632 2288 677 2366 οίς
695 2288 753 2378 χρή
773 2286 937 2359 πλατύνειν
954 2291 1091 2379 τρόποιςὲ

139 2397 212 2463 Καί
232 2403 312 2482 τρεῖς
332 2392 366 2460 δὲ
386 2385 553 2477 διηγήσεων
573 2386 708 2462 διδάσκει
728 2418 778 2460 σοι
796 2391 870 2472 τούς
889 2390 1033 2482 τρόπους,

132 2498 276 2565 Ἆπλσῶν
296 2499 347 2563 καί
369 2489 588 2582 ἐγκατάσκευον
607 2493 664 2564 σάν
682 2501 725 2584 τῶ
746 2489 940 2585 δνδιοοκεύῳ,

140 2605 213 2670 Καί
234 2607 298 2670 ποῶ
318 2594 432 2686 ἑκάστῳ
453 2603 514 2667 τῶν
533 2605 624 2688 τριῶν
640 2597 786 2687 ἁρμόδιον
805 2607 986 2691 κεχρῆσθαι.

147 2705 258 2775 Ταῦτά
278 2731 328 2774 σοι
349 2706 401 2773 καί
420 2701 438 2772 ὃ
456 2699 594 2793 δεύτερος
614 2701 726 2775 τούτου
747 2704 883 2775 διδάσκει
903 2701 1004 2792 τόμος.

52 2816 119 2886 280
202 2807 239 2878 ‘0
258 2817 314 2880 τοῶ
336 2813 407 2898 περί
427 2807 572 2898 εὖρέσεων
591 2808 705 2880 τούτου
725 2812 759 2880 δά
780 2816 882 2898 τρίτος
902 2806 996 2897 τόμος

141 2914 324 3005 Εἰσογωγάς
342 2912 476 2985 διδάσκω
497 2942 547 2985 σοι
566 2919 618 2984 καί
639 2913 741 2994 λύσεις
759 2915 942 2999 κεφαλαίων,

132 3021 205 3092 ’Ότι
225 3020 262 3090 τά
283 3019 322 3090 σά
334 3018 490 3120 κεφάλαια
512 3024 560 3092 δεῖ
580 3027 714 3100 θετικῶς
732 3017 874 3112 εἰσάγειν,

145 3131 240 3206 Οίον,
262 3123 355 3194 καλὸν
376 3125 412 3195 τό
433 3117 666 3216 πράττεοθοιδ
686 3127 792 3204 θέλεις
810 3120 907 3216 λέγειν
926 3131 1059 3217 πρῶγμο,

140 3231 215 3300 Κῶν
235 3236 368 3310 θετικῶς
388 3229 510 3322 εἰσάγῃς
529 3233 583 3314 δέ,
608 3229 704 3311 ούτως
723 3227 851 3320 εἰσάγειν
870 3232 951 3300 δέον.

142 3341 279 3424 Πρῶτον
298 3334 523 3425 δπιχειρήματι,
546 3337 612 3405 εἶτα
633 3337 667 3404 δά
688 3340 820 3426 ἐργασίᾳ,
878 3385 880 3394 1

142 3443 213 3510 Καί
237 3446 341 3527 τρίτως
362 3439 566 3528 ἐνθυμήματι.
607 3449 807 3528 συμπέρασμα
829 3439 864 3508 δό
886 3443 989 3507 τούτο.

135 3545 185 3614 Ἢ
201 3547 254 3612 καί
269 3543 525 3630 δεεευθυμήματι,
551 3546 628 3612 ποτὲ
647 3547 698 3611 καί
718 3552 761 3632 τῶ
782 3545 907 3630 πλαστῶ
928 3543 974 3614 δε.

123 3653 126 3662 “
147 3648 256 3729 Ούτως
276 3647 404 3740 εἰσάγειν
422 3648 478 3736 μὲν
501 3647 539 3716 τά
558 3647 597 3717 σά
618 3643 928 3732 κεφάλαιοδιδάσκει.
1007 3645 1012 3652 ’

208 3751 312 3833 Πάλιν
332 3755 366 3823 δὲ
389 3754 427 3823 τά
446 3752 595 3840 κεφάλαια
617 3751 703 3822 λύειν
722 3759 780 3821 τοῦ
798 3755 961 3833 άττιδίκσυ,

67 3859 127 3926 290
147 3867 280 3946 Πρῶτσ,
302 3859 423 3940 τούτοις
443 3869 509 3938 τοίς
529 3862 667 3946 τέτρασιν
687 3860 790 3948 σι’ςπερ
807 3883 857 3927 σοι
876 3856 1041 3940 καταλέξω,

147 3959 300 4052 Προτάοει
320 3968 371 4034 καί
391 3963 553 4054 ύποφορᾷ,
574 3960 801 4050 άντιπροτάσει,
822 3961 917 4034 λύσει.

147 4067 239 4140 Meto}
258 4071 294 4140 δ’
309 4067 388 4140 αιίτά
408 4065 446 4139 τά
467 4073 617 4160 τέσσαρα,
645 4072 737 4139 θύσει
756 4074 926 4160 κεγρήοθοι
946 4066 1036 4158 λέγει.
