2662 4740
243 395 817 494 Pcssrs'rrounrroms.
976 446 1058 502 ιω
1153 503 1156 514 ,

52 603 210 690 destituerit,
243 619 294 676 su·
315 595 364 672 de
383 601 547 674 industris
576 601 719 672 eliorum
749 603 822 696 ipse
847 609 1057 682 narrationes

50 739 203 826 meuserit,
237 761 282 806 au
303 759 468 828 nusquam
489 736 593 807 etiam
614 727 736 810 tradite
758 741 977 826 confinxerit,
998 745 1056 826 ,de

50 899 76 942 eo
89 877 150 944 licet
165 875 350 968 suspicetur
363 873 521 964 quisque,
541 874 631 964 quod
650 875 755 946 lubet.
794 877 888 948 Nam
900 889 1054 978 velerum

48 1009 173 1086 librorum
184 1011 337 1101 ¹aliquem
357 1011 467 1080 adhue
485 1011 552 1086 illis
572 1011 781 1104 temporibus
801 973 1054 1116 copismiuisse

46 1143 193 1234 lucedio,
221 1169 292 1216 nou
312 1159 367 1216 est
385 1146 546 1230 dubium
579 1170 684 1238 quum
706 1147 844 1239 quidem
867 1149 939 1242 ipse
958 1151 1054 1221 obie-
1073 1143 1096 1218 κ’

47 1281 102 1349 eise
123 1281 180 1352 sibi
205 1285 356 1354 aemulos
388 1285 558 1354 librorum
589 1287 768 1376 penuriam
795 1285 977 1375 significet,
1019 1301 1053 1358 st

44 1417 163 1509 plusque
180 1443 254 1490 sese
273 1421 440 1491 memoris
460 1421 721 1512 compraehenso
739 1383 923 1514 glorietur.⁸
949 1423 1064 1512 Quod.

42 1565 120 1624 sutem
138 1579 179 1626 ue
200 1555 348 1626 voluerit
374 1557 512 1644 quidem
538 1559 706 1649 suscipere
732 1557 883 1628 laborem
911 1579 1051 1662 compo-

42 1691 113 1760 mli
130 1715 244 1762 versus
263 1691 428 1778 eruditos,
448 1693 634 1762 secundum
654 1693 817 1762 musicum
838 1701 958 1770 artem,
979 1697 1051 1784 ipse

41 1823 109 1910 pla‘ne
127 1828 218 1909 dicit,
241 1829 391 1901 iambicis
411 1829 561 1898 versibus
581 1828 778 1918 quibusdem
798 1849 947 1898 caussam
967 1830 1051 1898 affe-

40 1982 91 2027 uus
102 1963 328 2054 negligentiam
346 1976 444 2054 etque
460 1977 666 2034 contemtum
680 1965 846 2034 bonerum
861 1966 1048 2034 litterarum
1067 1949 1069 1954 ’

39 2107 108 2184 alque
124 2103 249 2169 mfium
269 2123 330 2168 sue
350 2111 465 2172 aetate.
493 2139 537 2156 -
579 2099 692 2172 Venio
720 2123 811 2170 nunc
832 2101 873 2168 ed
895 2097 1050 2189 τυμβορῦ-
1172 2133 1174 2142 ’

39 2255 84 2316 zur
98 2245 181 2320 tuos,
213 2239 271 2327 qui
292 2247 369 2306 sunt
392 2237 586 2306 effodientes
608 2239 709 2308 busta.
761 2235 831 2308 Eos
851 2235 892 2306 iis
910 2236 947 2304 iu
968 2237 1049 2304 locis

40 2363 107 2438 luisse
123 2372 298 2460 intelligis,
319 2373 378 2456 ubi
397 2375 619 2466 sepelirentur
638 2373 770 2462 integra
788 2395 933 2464 corpora
949 2361 1049 2440 inor·

41 2514 144 2576 luorum.
190 2513 283 2576 Nem
308 2507 387 2596 quid
415 2509 589 2596 prodesset
614 2485 738 2576 urnula
764 2532 843 2576 cum
863 2507 988 2576 ossibus
1015 2476 1072 2576 et*

42 2638 115 2710 cluere
130 2643 230 2713 furii
259 2643 344 2710 Non
363 2641 458 2708 fuere
479 2642 571 2708 enim
592 2642 670 2708 illae
688 2655 779 2710 certe
800 2641 953 2708 omnium
973 2665 1051 2732 pss-

38 2775 78 2842 siu
92 2803 224 2860 aureae,
250 2776 327 2846 κατὰ
345 2773 401 2846 τὸν
417 2771 559 2866 χρύσειον
576 2775 756 2865 ἀμφιφορῆα
776 2775 940 2854 'rheticas
961 2779 1048 2868 apud

36 2909 200 2984 Homerum.
243 2916 312 2982 Isto
328 2923 439 2980 sutem
453 2911 673 2982 comburendi
685 2933 830 3002 corpora
849 2935 946 2980 more
968 2938 1047 3006 pre-
1113 2919 1116 2933 '

36 3045 89 3116 loss
112 3045 261 3141 quaeque
288 3071 355 3117 una
384 3071 462 3114 cum
491 3047 683 3138 corporibus
707 3047 744 3115 in
771 3069 870 3136 rogos
898 3037 1064 3119 coniectu*

37 3164 247 3258 uemaban'sur.
299 3185 366 3254 Sed
389 3208 467 3252 cum
487 3181 702 3252 cadaveribus
724 3183 846 3252 alicubi
869 3185 949 3252 clim
966 3209 1046 3266 ma·

36 3337 89 3400 guse
106 3344 181 3414 opes
204 3321 353 3392 defossae
373 3321 519 3404 suerunt,
539 3343 618 3408 quas
634 3321 795 3388 nimirum
810 3321 1044 3412 quaesiverunt

36 3449 67 3519 'ui
80 3423 247 3528 effossores
266 3461 514 3550 sepulcrorum:
542 3468 579 3524 ut
592 3455 751 3548 Iosephus
772 3469 887 3524 narrat
910 3457 951 3524 de
971 3459 1045 3526 De·

37 3587 92 3658 silis
116 3597 234 3662 effosso
261 3597 413 3686 sepulcro
439 3594 479 3662 sb
500 3593 638 3662 Herode
658 3629 719 3670 —,
751 3604 783 3664 el
806 3589 975 3670 Arrianus
1002 3595 1044 3662 tle
1108 3637 1109 3643 κ
1139 3615 1146 3630 ·

38 3723 120 3794 tluso
140 3733 299 3822 sepulcro
320 3730 402 3820 Cyri
424 3729 621 3820 superioris,
651 3739 684 3798 ct
704 3729 805 3796 Zetza
827 3739 938 3796 noster
957 3741 1045 3798 lem-

38 3863 138 3940 puibus
159 3866 336 3936 Michaelis
361 3867 422 3934 filii
443 3865 625 3958 Theophili
651 3863 752 3932 fuisse
780 3877 894 3934 narrat
914 3865 1048 3956 perfos-

38 4009 84 4064 uu
102 4015 358 4073 mouumentum
381 4003 528 4094 sepulcri
547 4001 781 4084 Nicomediae,
800 4000 854 4070 vin
875 4023 941 4090 quo
964 4023 1048 4069 con·
1171 3995 1175 4000 ’

40 4124 111 4203 llum
128 4153 213 4209 esset
232 4158 351 4236 corpus
373 4139 520 4226 coniugis
539 4137 733 4204 Nicomedis
753 4125 839 4226 repis
856 4137 1047 4228 Bithynice,
