2662 4740
201 327 252 386 tv
431 313 734 394 Pasas-arm
764 331 1017 388 corrosus.

204 495 281 563 iure
309 491 544 582 indignantur,
582 505 655 562 tum
684 495 775 588 quod
803 505 950 578 textum,
989 451 1091 584 duem
1120 509 1258 582 vocant,

208 631 299 699 vitiis
319 631 503 698 innumeris
523 630 629 718 iisque
647 629 847 698 foedissimis
867 631 1003 700 exhibet
1020 631 1263 715 deformatum,
1323 685 1324 732 t

102 829 106 846 ,
211 778 286 834 tum
313 767 402 854 quod
430 765 516 834 nihil
543 733 783 846 adnotationis,
820 791 886 857 quo
913 754 1136 858 scriptorum,
1171 789 1262 856 qnos
1323 779 1324 784 ’

99 917 102 926 ·
162 968 165 977 ,
212 901 352 968 'l‘zetzes
377 913 454 973 ante
483 902 595 970 oculos
621 901 776 985 heberet,
807 903 874 981 loci
895 865 1046 971 accurate
1066 901 1265 968 indicentur
1324 923 1325 972 ;

214 1047 266 1102 est
286 1008 469 1116 adiectum,
496 1051 568 1106 tum
590 1039 679 1128 quod
702 1039 812 1106 nullos
831 1037 889 1106 ille
909 1038 995 1104 liber
1015 1037 1114 1106 habet
1132 1036 1265 1104 indices

213 1171 365 1254 additos,
402 1195 548 1262 quorum
573 1173 678 1240 adiuti
705 1171 960 1256 commoditate,
996 1172 1026 1238 si
1052 1173 1112 1260 qui
1140 1195 1180 1242 eo
1208 1172 1266 1238 uti
1325 1181 1326 1192 ¹

214 1305 336 1386 velint,
359 1310 458 1388 etiam
477 1306 549 1374 sine
571 1307 723 1376 molestia
742 1307 794 1374 uti
811 1308 949 1398 possint.
990 1305 1149 1388 Accedit,
1170 1305 1266 1392 quod
1325 1397 1327 1412 ,

215 1439 359 1508 Tzetzae
381 1425 564 1527 chiliades,
589 1443 708 1533 quibus
728 1443 796 1511 viri
816 1444 923 1522 docti,
949 1445 1090 1530 atquae
1109 1438 1265 1532 plurima
1326 1431 1327 1434 ¹

215 1577 406 1644 contineant
429 1577 470 1644 ad
493 1600 628 1644 omnem
655 1578 883 1665 antiquitatem
912 1579 969 1645 vel
996 1577 1265 1666 cognoscendam

215 1707 371 1778 facientia
396 1714 452 1780 vel
477 1713 728 1790 illustrandam,
761 1713 946 1800 aegerrime
966 1724 1135 1800 carent,
1134 1711 1204 1778 iam
1224 1711 1266 1778 in

185 1851 191 1856 ’
215 1843 310 1912 libris
332 1847 516 1916 rarioribus
537 1851 719 1938 coeperunt
739 1871 842 1915 esse
865 1847 1046 1915 Maximo
1035 1847 1138 1934 agitur
1159 1869 1267 1935 opere

219 1980 425 2050 laudandum
464 1995 514 2050 est
549 1984 723 2051 consilium
758 1982 895 2086 Vogelii
929 1981 1129 2071 bibliopolae
1165 1982 1269 2068 longe

220 2115 463 2197 honestissimi,
487 2119 576 2206 quod
596 2117 756 2186 'excitatus
777 2118 818 2185 ab
837 2119 877 2184 iis
898 2097 980 2184 viria
1002 2117 1158 2193 eruditis,
1180 2137 1270 2204 quo-
1329 2117 1330 2120 ’

219 2275 302 2350 rum
322 2255 495 2320 auctoritas
517 2253 700 2344 plurimum
723 2253 812 2345 apud
838 2276 915 2320 eum
939 2253 1043 2336 valet,
1076 2251 1176 2318 etiam
1202 2249 1271 2343 boc

222 2385 406 2455 'l'zetziano
433 2369 540 2478 opbne‘
554 2391 642 2480 typis
662 2371 911 2484 repetendo'de
931 2385 1130 2474 antiquitatis
1151 2383 1271 2450 studiis

190 2547 201 2574 ι’
221 2521 308 2591 bene
335 2527 462 2594 mereri
489 2527 606 2594 voluit.
653 2525 785 2640 Edendi
811 2531 926 2591 curam
956 2545 1018 2612 ego
1044 2519 1130 2586 mihi
1157 2517 1198 2584 ab
1225 2539 1269 2582 eo

220 2657 396 2727 libenter
387 2664 515 2752 imponi
534 2687 610 2728 sum
630 2630 762 2750 passus,
784 2681 922 2748 sperans
945 2655 1037 2731 iore,
1060 2663 1097 2718 ut
1115 2665 1273 2740 temporo

223 2815 295 2860 non
319 2765 501 2860 admodum
527 2769 630 2880 longo
659 2791 797 2877 transigi
823 2801 934 2878 posset
957 2787 1128 2875 negotium
1148 2760 1271 2852 totum·

223 2919 327 3015 Quod
348 2928 474 2996 tardius
498 2941 627 3007 tamen,
663 2947 761 3014 quam
784 2935 957 3016 putaram,
986 2919 1161 3014 processit,
1193 2927 1272 2982 turn

224 3075 366 3154 propter
385 3065 492 3153 ipsam
513 3063 564 3130 rei
585 3062 788 3142 molestiam,
816 3069 1047 3150 tumspropter
1068 3056 1167 3162 alias,
1188 3073 1275 3141 quas

226 3196 285 3306 hie
305 3221 503 3268 enumerare
523 3199 573 3267 nil
593 3199 727 3283 attinet,
753 3220 865 3266 causas
886 3193 1084 3286 complures.

282 3443 284 3451 ‚
313 3475 356 3542 In
373 3475 500 3564 agendo
521 3475 655 3565 negotio
676 3457 826 3568 suscepto
844 3474 908 3542 boc
924 3481 1000 3540 ante
1017 3465 1130 3538 omnia
1144 3461 1278 3532 facien-

232 3609 315 3677 dum
334 3611 421 3678 mihi
441 3634 511 3679 esse
530 3611 697 3691 intellexi,
731 3623 768 3677 ut
794 3633 871 3676 cum
897 3606 987 3675 vitiis
1013 3595 1278 3692 typographicis,

121 3793 127 3802 -
231 3721 316 3834 duae
337 3747 517 3815 editionem
534 3748 757 3816 Basileensem
777 3745 967 3834 inquinant,
994 3735 1167 3813 tollendis,
1200 3741 1276 3796 tum

233 3883 385 3952 mesina
406 3883 527 3950 eines
547 3882 700 3973 religiose
722 3881 917 3990 adhibendis
936 3888 1081 3950 sextum,
1114 3847 1276 3958 quantun

235 4017 311 4087 lieni
332 4032 460 4110 posset,
481 4015 569 4088 vitiis
583 4012 697 4090 darem
712 4029 899 4112 purgatum.
942 4010 1044 4100 Quod
1064 4018 1101 4076 ut
1116 3999 1278 4095 perlicere
