2662 4740
205 298 402 372 cH1L.1.
433 289 578 406 HIST7
602 294 653 360 19.
674 293 741 368 20„
771 293 836 362 523
852 295 981 364 -556
1079 297 1123 362 23

153 479 225 540 Τοῦ
244 473 417 557 στρατηγοῦ
437 473 494 538 ’τοῦ
518 463 644 553 Ταύρου
664 465 700 534 δέ
722 467 868 547 φανέντος
888 464 944 534 σύν
961 463 1079 550 ὃλιιάσι,

153 576 227 662 Τὴν
246 576 406 664 βασιλείαν
427 573 551 662 εἴληφεν
557 626 567 654 ,
595 569 695 657 ύίςπερ
713 574 748 636 ἐκ
770 575 861 648 θείας
881 568 982 659 τύχης.

152 678 268 779 Τούτιρ
289 687 332 769 τοῦ
358 676 469 768 Ταύρῳ
490 683 666 766 στρατηγῷ,
691 675 758 762 ούχί
778 677 835 762 βοῒ
854 675 888 744 δέ
910 675 1021 764 ταύρῳ,

141 786 190 856 ‘H
207 781 359 874 Πασιφάη
380 789 509 863 Μίνωος
525 780 606 872 γυνὴ
630 783 891 868 λαθροκοιτοῦσο,

148 895 219 959 Καί
239 904 309 972 ταῖς
331 891 560 979 λαθροκοιτίαις
581 890 616 958 δέ
637 883 794 954 Δαιδάλου
813 889 1027 972 συνεργοῦντος

150 1001 219 1086 Καί
240 997 393 1075 κλείοντος
416 1001 449 1064 ἐν
470 993 604 1079 δύμοσίν
625 1020 686 1085 ηισι
708 997 769 1058 τῶν
789 986 998 1074 εύφυλάκτων,
1057 1074 1060 1080 1

138 1099 237 1189 ’Όπιρ
258 1105 312 1171 καί
331 1109 410 1190 βοῦν
431 1101 596 1189 κεκλήκασι
616 1097 739 1184 ξυλίνην
761 1103 818 1163 τοῦ
840 1093 1006 1177 Δαιδάλου,
1087 1075 1092 1084 ι

61 1210 128 1276 630
148 1210 286 1276 Παιδίον
305 1235 337 1275 τι
356 1211 541 1294 γεγέννηκεν.
585 1203 625 1283 ὥς
646 1204 681 1272 δὲ
704 1205 843 1288 πατέρων
864 1196 932 1274 δύο,

147 1318 278 1391 Μίνωος
296 1316 347 1380 καί
369 1317 424 1379 τοῦ
450 1307 577 1396 Ταύρου
597 1336 646 1388 το,
670 1305 875 1390 Μινύοαυρυς
896 1300 1029 1386 ἐκλήθη.

147 1415 257 1504 Πτιρά
277 1419 312 1484 δέ
334 1412 452 1484 τούτων
473 1423 599 1503 γίνωσκε
620 1412 657 1481 τά
677 1411 773 1499 λαίφη
787 1419 856 1513 ,τῶν
875 1407 1021 1477 ὁλκάδων.

139 1520 266 1590 Ὁλκάσι
289 1525 341 1590 καί
356 1521 417 1610 γάρ
440 1525 552 1609 ἔφυγον
572 1522 645 1609 περὶ
665 1518 721 1602 τὴν
746 1515 899 1586 Σικελίαν.

146 1627 341 1715 Πτεροῤῥυοί
363 1629 394 1696 δ’
407 1624 558 1712 Ἰκάριος,
587 1625 703 1712 πνιγεύς
725 1626 759 1688 έν
779 1624 923 1706 ναυαγία·

140 1731 179 1801 ‘0
201 1732 355 1810 Δαίδαλος
375 1725 410 1800 δέ
431 1729 556 1810 σύζεται
576 1727 655 1817 πρὸς
678 1727 762 1795 οἶκον
782 1730 839 1792 τοῦ
862 1715 1023 1788 Κωκάλου.

151 1837 202 1906 Τά
223 1839 258 1906 δὲ
278 1832 436 1904 δαιδάλιιύ
457 1862 532 1921 φασι
550 1837 709 1902 κινεῖσθαι
730 1825 935 1917 νοίοτρόιτως·

151 1943 232 2023 Τοὺς
251 1940 433 2033 ἀνδριάντας
451 1939 601 2031 πρότερον
621 1937 681 2028 πρῦ
702 1935 819 2066 γρόνωη
838 1939 900 2002 νῦν
920 1919 1077 1999 Δαιδάλου

140 2043 422 2136 Ἐδημιούργουν”
401 2073 537 2136 αχοιρος,
558 2040 734 2126 άποδαο,’
717 2037 908 2129 αογιμάτους·
1153 2101 1158 2114 ,

41 2171 46 2190 “
147 2159 279 2242 Πριῦεος
299 2151 369 2222 δ’ό
391 2152 601 2231 Δαίδαλος’
560 2150 656 2228 αὐτὸς
677 2148 774 2218 διεῖλε
791 2159 910 2238 χοῖρος,
932 2141 1041 2222 πόδας,
1148 2125 1156 2146 ’

67 2259 132 2326 540
150 2257 330 2335 Δακτύλους
351 2257 537 2346 διηρμόσατο
557 2285 608 2326 και
594 2257 771 2344 4βλέφαρα
790 2279 843 2319 και
833 2247 971 2316 τάλλο.

141 2361 242 2433 Ὅθεν
264 2361 281 2432 ὅ
301 2368 409 2449 μῦθος
429 2366 589 2443 πέπτωκε,
617 2364 776 2430 κινείσθω
795 2357 834 2424 τά
852 2349 1017 2424 Δαιδάλου.

164 2571 308 2636 ΠΕΡΙ
335 2567 522 2631 ΚΤΝΟΣ
551 2564 655 2627 ΤΟΥ
680 2559 948 2624 ΚΕΦΔΛΟΤ.
977 2547 1015 2617 κ’.

147 2697 288 2790 Πρόκρις
308 2697 329 2784 ἦ
346 2700 527 2787 Ἐρεχθέως
539 2722 573 2763 τε
592 2696 645 2762 καλ
667 2691 851 2778 Πραξιθέας
870 2681 946 2772 κόρη

153 2805 303 2890 Κέφαλον
323 2811 439 2893 σχοῦσα
458 2799 603 2870 σύνευνον
622 2799 677 2866 τόν
698 2802 755 2862 τοῦ
778 2795 941 2878 Δηϊονέως,

150 2916 365 2999 Λοθροκοιτεῦ
387 2905 557 2974 Πτελέοντι
576 2907 706 2994 χρυσοῦν
725 2899 864 2986 λαβοῦσα
886 2899 1012 2978 στέφος·
1031 2912 1062 2956 ι’

151 3014 264 3105 Φεύγει
285 3017 320 3084 δὲ
340 3011 418 3103 πρὸς
437 3011 491 3081 τόν
508 3011 644 3087 Μίνωα,
672 3000 808 3089 Κεφάλῳ
832 3003 1022 3086 φωραθεῖσα.

148 3124 262 3201 Μίνως
282 3122 316 3188 δὲ
338 3115 435 3246 τούτη
458 3120 598 3242 ρίγνυιαι
619 3113 758 3200 λαθραία
779 3113 924 3196 συνουσία

151 3225 235 3304 Δοδς
255 3225 399 3313 εύστοχον
419 3219 559 3290 ἀκόντιον
579 3221 630 3286 καλ
651 3213 728 3284 κύνα
748 3173 946 3302 ταχύδρομόν,

141 3329 247 3409 ’Ὅστις
268 3336 384 3427 θηρίον
404 3323 543 3418 τάχιστον
563 3320 645 3391 άπον
664 3316 771 3407 ἀνῄρει
789 3321 911 3406 τρέχων

153 3441 264 3502 Ταῦτα
283 3436 422 3524 λαβοῦσα
443 3437 600 3518 τοιγαροῦν
621 3426 823 3512 ιταλινδροροί
845 3416 969 3505 Κεφάλ
955 3447 988 3482 ω.

68 3543 132 3611 550
152 3536 359 3630 Διαλλογείσα
379 3535 478 3628 τούτῳ
500 3537 534 3606 δέ
556 3531 635 3623 πρὸς
656 3527 763 3620 θήραν
782 3526 988 3613 συνεξῆλθεν·

80 3727 320 3746 ffl

103 3841 164 3897 526.
183 3839 287 3896 (λιλΒ.
304 3832 525 3910 λαθρσκοιτύίοα.
590 3801 594 3812 ⁵
773 3821 897 3880 HIST.
914 3824 957 3878 20.

651 3897 712 3954 542.
744 3895 779 3950 Iu
803 3894 868 3946 edit.
891 3891 976 3946 ΒοιὶΙ.
1008 3887 1054 3939 hic
1078 3891 1121 3935 οιι

107 3977 168 4034 536.
200 3977 250 4034 cd.
274 3978 310 4032 Β.
337 3995 381 4030 τοι
359 3969 568 4059 ουτοτρίιτυτ.
617 3969 767 4028 verborum
783 3963 867 4020 ordo:
893 3981 910 4028 η
929 3957 1011 4026 Ἰιρεχ
1032 3945 1114 4020 Πρό-

78 4047 374 4120 Ιίωτκρτοικου
359 4039 472 4100 Δαιδ.
620 4053 679 4110 κριε
698 4053 748 4106 τι.
